@Article{Helmuth:2014:ieeeTEC,
  author =       "Thomas Helmuth and Lee Spector and James Matheson",
  title =        "Solving Uncompromising Problems with Lexicase
                 Selection",
  year =         {2014},
  journal =      "IEEE Transactions on Evolutionary Computation",
  keywords =     "genetic algorithms, genetic programming, parent
                 selection, lexicase selection, tournament selection,
                 PushGP",
  ISSN =         "1089-778X",
  doi =          "doi:10.1109/TEVC.2014.2362729",
}

@incollection{Helmuth:2016:GPTP,
	author = {Thomas Helmuth and Lee Spector and Nicholas Freitag McPhee and Saul Shanabrook},
	title = {Linear Genomes for Structured Programs},
	booktitle = {Genetic Programming Theory and Practice XIV},
	date = {2016},
	series = {Genetic and Evolutionary Computation},
	publisher = {Springer},
	pubstate = {In press}
}

@incollection{ Burlacu:CIEES:2015,
	year={2015},
	isbn={978-3-319-15719-1},
	booktitle={Computational Intelligence and Efficiency in Engineering Systems},
	volume={595},
	series={Studies in Computational Intelligence},
	NOeditor={Borowik, Grzegorz and Chaczko, Zenon and Jacak, Witold and ≈Åuba, Tadeusz},
	NOdoi={10.1007/978-3-319-15720-7\_5},
	title={Methods for Genealogy and Building Block Analysis in Genetic Programming},
	NOurl={http://dx.doi.org/10.1007/978-3-319-15720-7\_5},
	publisher={Springer International Publishing},
	author={Burlacu, Bogdan and Affenzeller, Michael and Winkler, Stephan and Kommenda, Michael and Kronberger, Gabriel},
	pages={61-74},
	language={English}
}

@InProceedings{Burlacu:2013:GECCOcomp:new,
	author =       "Bogdan Burlacu and Michael Affenzeller and Michael
	Kommenda and Stephan Winkler and Gabriel Kronberger",
	title =        "Visualization of genetic lineages and inheritance
	information in genetic programming",
	booktitle =    "GECCO '13 Companion: Proceeding of the fifteenth
	annual conference companion on Genetic and evolutionary
	computation conference companion",
	year =         "2013",
	NOeditor =       "Christian Blum and Enrique Alba and Thomas
	Bartz-Beielstein and Daniele Loiacono and Francisco
	Luna and Joern Mehnen and Gabriela Ochoa and Mike
	Preuss and Emilia Tantar and Leonardo Vanneschi and
	Kent McClymont and Ed Keedwell and Emma Hart and Kevin
	Sim and Steven Gustafson and Ekaterina Vladislavleva
	and Anne Auger and Bernd Bischl and Dimo Brockhoff and
	Nikolaus Hansen and Olaf Mersmann and Petr Posik and
	Heike Trautmann and Muhammad Iqbal and Kamran Shafi and
	Ryan Urbanowicz and Stefan Wagner and Michael
	Affenzeller and David Walker and Richard Everson and
	Jonathan Fieldsend and Forrest Stonedahl and William
	Rand and Stephen L. Smith and Stefano Cagnoni and
	Robert M. Patton and Gisele L. Pappa and John Woodward
	and Jerry Swan and Krzysztof Krawiec and
	Alexandru-Adrian Tantar and Peter A. N. Bosman and
	Miguel Vega-Rodriguez and Jose M. Chaves-Gonzalez and
	David L. Gonzalez-Alvarez and Sergio Santander-Jimenez
	and Lee Spector and Maarten Keijzer and Kenneth
	Holladay and Tea Tusar and Boris Naujoks",
	isbn13 =       "978-1-4503-1964-5",
	keywords =     "genetic algorithms, genetic programming",
	pages =        "1351--1358",
	month =        "6-10 " # jul,
	organisation = "SIGEVO",
	address =      "Amsterdam, The Netherlands",
	NOdoi =          "doi:10.1145/2464576.2482714",
	publisher =    "ACM",
	publisher_address = "New York, NY, USA",
}

@inproceedings{cruz2015elicit,
  title={{ELICIT}: Evolutionary Computation Visualization},
  author={Cruz, Ant{\'o}nio and Machado, Penousal and Assun{\c{c}}{\~a}o, Filipe and Leit{\~a}o, Ant{\'o}nio},
  booktitle={Proceedings of the Companion Publication of the 2015 on Genetic and Evolutionary Computation Conference},
  pages={949--956},
  year={2015},
  organization={ACM}
}

@inproceedings{vaseux2013event,
  title={Event-based graphical monitoring in the {EpochX} genetic programming framework},
  author={Vaseux, Lo{\"\i}c and Otero, Fernando EB and Castle, Tom and Johnson, Colin G},
  booktitle={Proceedings of the 15th annual conference companion on Genetic and evolutionary computation},
  pages={1309--1316},
  year={2013},
  organization={ACM}
}